3050 4809
1062 398 1487 451 't'nssnlunos
1538 396 1681 451 mn.
1727 402 1827 450 lv.

2397 388 2528 455 885

333 540 532 618 Quos
570 538 827 618 Pharis,
856 517 1327 625 volnerumque
1356 560 1598 623 pareus
1627 540 1984 629 Cythereia
2015 540 2268 621 Messe,

329 640 749 727 Taygetique
776 642 1094 725 phalanx,
1126 650 1199 707 et
1224 643 1511 709 oliviferi
1539 644 1813 710 Eurotae

329 810 495 861 Messe
510 810 750 861 abundans
769 808 932 863 auibus
955 798 1219 877 Gythei-eis,
1251 816 1299 861 et
1339 812 1542 877 Taygeti
1573 807 1854 877 mipulus,
1886 819 1935 864 et
1962 812 2112 874 fortis
2142 814 2307 864 cohors
2327 812 2522 865 Eut-otis

1246 937 1608 958 “umooue

330 1020 467 1081 Tou-g
499 1019 511 1031 ‘
628 1019 839 1083 phalanx
861 1019 997 1069 Dan.
1031 1024 1079 1069 et
1112 1036 1139 1067 ο

1140 1020 1325 1081 lov-iren·
1364 1020 1616 1071 Gronovii
1648 1020 1980 1079 membranae,
2021 1023 2152 1073 Dan.
2176 1025 2309 1074 Put.
2329 1026 2521 1076 Petav.

321 1083 529 1134 Lindeu
566 1098 673 1145 rog.
695 1091 753 1133 et
773 1083 925 1133 Cruc.
956 1082 1255 1147 olivifer-ique
1277 1084 1463 1133 Behot.
1485 1088 1537 1132 2.
1569 1090 1618 1133 et
1637 1084 1846 1144 oliviferi
1867 1086 2110 1139 Petrens.
2137 1102 2168 1137 o
2213 1090 2354 1137 timae
2387 1089 2521 1139 Bar-

325 1148 423 1196 thii
465 1147 797 1209 membrana,
830 1148 997 1211 Lang.
1020 1147 1400 1199 laun-‚Busta
1444 1148 1678 1209 Lipsian.
1714 1149 1930 1199 Venett.
1969 1152 2118 1200 Rom.

2203 1152 2312 1201 ldd.
2353 1153 2520 1201 Colin.

324 1212 529 1277 Gryph.
566 1211 723 1261 Basil.
761 1212 941 1263 Plant.
964 1212 1185 1263 Gevart.
1224 1211 1461 1263 Grasser.
1508 1212 1744 1263 Gronov.
1781 1210 2000 1265 Amstel.
2038 1216 2224 1267 Barth.
2259 1216 2426 1267 veen.
2466 1223 2524 1267 et

1322 1344 1536 1397 Nom-2

320 1436 509 1486 monio
531 1418 757 1501 virgines
776 1438 1051 1503 quotannis
1062 1436 1257 1489 festum
1270 1438 1379 1489 obi-

322 1510 470 1574 bant,
512 1512 781 1577 patrioque
812 1514 919 1563 ritu
956 1514 1281 1564 saltationem
1326 1514 1379 1564 in

322 1586 567 1637 honorem
606 1590 792 1639 Diana
825 1589 1184 1652 celebrabant,
1220 1597 1280 1639 ut
1300 1604 1380 1640 re-

320 1661 433 1717 fiert
475 1663 761 1715 Pausanias
794 1666 847 1715 iu
890 1666 1185 1717 laconicis.
1249 1666 1381 1717 Cou-

318 1739 613 1789 tendebant
663 1748 720 1790 et
773 1741 913 1792 inter
964 1756 1021 1792 se
1078 1741 1379 1793 Citharoedi.

318 1812 469 1862 Hinc
498 1814 727 1864 Luciauo
747 1814 1054 1880 καρυατίζειν,
1075 1817 1129 1865 iu
1156 1816 1379 1881 Dialogo

318 1888 395 1936 de
437 1888 745 1951 saltatione,
781 1898 863 1941 est
899 1894 1059 1955 genus
1091 1892 1379 1942 saltationis

319 1963 652 2027 exercere,iu
666 1965 846 2029 Caryis
862 1968 1097 2017 Laconia
1116 1968 1380 2032 usitatum,

320 2042 469 2106 quod
512 2055 545 2090 a
593 2042 811 2093 Polluce
854 2053 911 2094 et
953 2044 1168 2095 Castore
1210 2044 1379 2104 refert

316 2118 741 2169 Lacedaemouios
774 2120 1036 2171 didicisse.
1101 2121 1299 2172 Scribit
1320 2130 1378 2174 et

314 2192 571 2244 Polemon
594 2196 647 2244 in
682 2210 744 2246 ιι.
808 2198 825 2225 ⁴
844 2196 1183 2247 Execestides
1212 2198 1376 2247 citha-

314 2269 495 2318 roedus
540 2271 734 2334 Pythia
775 2270 939 2334 vicit,'
989 2280 1047 2322 et
1088 2272 1375 2337 Caryorum

315 2345 335 2371 ‘
360 2354 627 2395 certamen
664 2346 717 2395 iu
755 2346 983 2397 laconis
1022 2347 1180 2397 vicit.'
1245 2350 1376 2399 Dio·

314 2420 497 2470 medes
553 2421 711 2473 etiam
765 2422 1148 2473 Grammaticus
1203 2423 1377 2487 ejusce

311 2496 602 2547 saltationis
620 2498 935 2549 mentionem
950 2497 1078 2549 facit
1094 2514 1110 2559 ς
1131 2499 1206 2549 ait
1220 2500 1379 2564 enim,

312 2571 493 2622 Xerxe
508 2574 559 2623 iu
578 2574 834 2624 Graeciam
856 2574 1193 2638 adventante,
1202 2589 1381 2624 omues

310 2648 529 2699 deserta
572 2651 795 2700 Laconia
845 2657 989 2701 metu
1040 2650 1377 2702 barbarorum

308 2725 645 2789 perterritos,
664 2726 717 2774 in
740 2726 973 2775 diversas
1006 2734 1181 2789 partes
1215 2727 1377 2791 fugis-

310 2813 395 2862 se,
438 2813 499 2847 ac
534 2799 759 2863 virgines
791 2800 976 2850 timore
1008 2802 1261 2863 latuisse3
1312 2818 1377 2853 ex

308 2876 418 2925 hoc
451 2878 709 2935 evenisse,
742 2883 803 2925 ut
836 2890 898 2926 eo
932 2876 1035 2939 die,
1064 2891 1168 2940 quo
1199 2878 1379 2929 solitus

310 2956 437 3001 erat
460 2950 645 3001 chorus
668 2951 921 3015 virgiuum
954 2952 1145 3001 Diauae
1186 2952 1375 3017 Carya-

306 3025 416 3077 tidi
436 3026 677 3091 hymnum
707 3041 918 3090 canere,
944 3041 1096 3077 nemo
1120 3028 1187 3078 ad
1210 3029 1375 3079 solen-

308 3116 380 3152 ne
416 3116 619 3153 sacrum
652 3103 1009 3153 inveniretur:
1048 3111 1171 3155 tuuc
1199 3105 1377 3170 itaque

306 3178 561 3229 Pastores
590 3180 645 3228 in
683 3178 861 3229 urbem
890 3182 1212 3246 convenisse,
1232 3188 1289 3231 et
1310 3195 1374 3232 ne

306 3252 441 3302 ritus
466 3267 728 3303 sacrorum
744 3255 1233 3321 interrumperetur,
1258 3274 1373 3321 pas·

306 3328 470 3378 torali
496 3328 725 3377 carmine
746 3333 1037 3393 composito
1068 3333 1197 3383 Deae
1220 3336 1377 3385 hono-

304 3416 421 3453 rem
456 3402 763 3453 celebrasse.
830 3404 903 3454 Et
944 3405 1258 3457 Plutarchus
1295 3424 1373 3460 re-

303 3478 495 3531 sertin
518 3476 833 3543 Artaxerxe,
853 3482 1159 3531 Clearchum
1184 3482 1371 3535 Ctesias

304 3555 363 3604 in
382 3554 587 3618 signum
615 3554 859 3604 amicitiae
882 3557 1127 3606 annulum
1149 3556 1373 3624 dedisse,

304 3630 362 3679 in
373 3646 479 3695 quo
494 3631 772 3694 insculptae
787 3631 1091 3697 Caryatides
1105 3634 1372 3688 saltantes.

305 3703 463 3756 Unde
504 3704 639 3755 dicit
676 3705 847 3755 Poeta
884 3708 1065 3771 Caryas
1092 3708 1271 3759 habiles
1305 3710 1373 3760 ad

306 3780 651 3832 resonandum
696 3782 1074 3842 saltationibus,
1115 3799 1235 3851 qum
1279 3784 1370 3835 tie-

306 3854 435 3905 bant
456 3856 510 3906 iu
532 3856 783 3907 bonorem
805 3857 983 3907 Dianae
1006 3874 1035 3908 a
1059 3858 1247 3923 puellis
1272 3860 1372 3909 La-

308 3930 651 3983 cedoemoniis.
735 3933 809 3981 Et
846 3932 1140 3997 Caryatidis
1180 3932 1369 3983 Dianae

308 4001 509 4066 signum
530 4006 621 4057 sub
646 4006 733 4056 dio
758 4014 890 4058 erat.
956 4008 1099 4057 Hinc
1133 4008 1226 4056 lux
1248 4006 1371 4057 huic

306 4076 445 4126 ioco.
510 4081 751 4131 Ceterum
794 4096 913 4133 cum
955 4082 1140 4133 incolm
1193 4082 1372 4146 ejusce

308 4151 457 4202 urbis
477 4154 745 4207 stetissent
767 4172 799 4206 a
832 4156 1070 4221 partibus
1094 4157 1371 4207 Persarum

307 4236 499 4283 contra
522 4231 755 4299 Graecos,
773 4234 1001 4284 victores
1024 4230 1226 4294 Graeci,
1249 4245 1373 4282 con·

1459 1439 1624 1490 versis
1645 1440 1697 1489 in
1735 1454 1828 1489 eos
1861 1440 2034 1503 armis,
2066 1439 2317 1505 oppidum
2347 1438 2522 1489 dirue·

1461 1524 1581 1568 runt
1603 1517 1890 1570 interfectis
1911 1518 2144 1569 omnibns
2167 1517 2412 1581 maribus,
2437 1531 2519 1567 re-

1462 1594 1784 1658 servatisque
1837 1595 1889 1645 ln
1950 1594 2228 1645 ludibrium
2285 1592 2520 1642 victorio

1460 1669 1759 1719 mulieribus
1775 1684 1795 1719 ε
1824 1684 1930 1719 non
1960 1670 2096 1719 euim
2119 1666 2258 1732 passi
2280 1673 2401 1717 sunt
2421 1673 2526 1717 sto·

1462 1744 1555 1801 las,
1577 1758 1744 1809 neque
1781 1752 1994 1794 ornatus
2018 1742 2333 1793 matronales
2357 1742 2519 1806 depo-

1461 1833 1606 1883 nere,
1625 1819 1702 1869 uti
1725 1832 1828 1869 nou
1852 1835 1954 1869 uno
1977 1820 2236 1884 triumpho
2264 1819 2516 1869 duceren-

1461 1901 1548 1944 tur
1583 1894 1672 1945 sed
1715 1902 1914 1945 aeterno
1962 1895 2226 1947 servitutis
2272 1895 2518 1958 exemplo

1460 1970 1606 2035 gravi
1641 1972 1952 2022 contumelia
1973 1968 2165 2036 presso?
2190 1984 2366 2035 poenas
2389 1984 2519 2036 pen-

1457 2046 1584 2097 dere
1624 2046 1924 2097 viderentur
1971 2062 2064 2109 pro
2106 2047 2358 2097 civitate:
2396 2045 2516 2095 ideo

1456 2122 1547 2187 qui
1596 2129 1724 2173 tunc
1753 2121 2048 2173 Architecti
2089 2120 2322 2183 fuerunt,
2359 2120 2520 2172 edifi-

1456 2198 1554 2251 ciis
1577 2198 1799 2263 publicis
1827 2196 2167 2261 designarunt
2188 2211 2366 2245 earum
2389 2197 2515 2251 imas

1458 2274 1608 2343 gines
1658 2274 1803 2325 oneri
1845 2271 2068 2323 ferundo
2113 2273 2407 2335 collocatas,
2458 2278 2521 2325 nt

1458 2352 1616 2403 etiam
1641 2349 1861 2414 posteris
1884 2354 2004 2399 nota
2036 2362 2195 2412 poena
2216 2346 2519 2411 Caryatium

1454 2428 1720 2479 memorias
1744 2426 2059 2486 traderetur,
2102 2436 2284 2488 eaeque
2329 2421 2512 2485 imagi-

1458 2516 1552 2551 nes
1589 2498 1958 2565 ‘Caryatides'
2011 2498 2270 2549 dicuntur.
2330 2494 2518 2547 Vitru-

1458 2576 1574 2627 vius
1597 2575 1688 2625 lib.
1707 2588 1749 2625 1.
1792 2570 2130 2637 Carystidum
2147 2572 2324 2634 etiam,
2338 2571 2390 2621 id
2415 2576 2518 2633 est,

1457 2656 1742 2703 statuarum
1786 2648 2116 2700 muliebrium
2144 2647 2200 2697 in
2241 2646 2515 2707 columnis,
2559 2716 2562 2719 ὴ

1457 2729 1690 2781 meminit
1712 2726 1912 2777 Plinius
1931 2724 2025 2775 lib.
2045 2736 2248 2775 xxxvi.
2269 2737 2388 2786 cap.
2405 2727 2457 2771 6.

1520 2808 1622 2854 226
1653 2802 1858 2867 Pleu-is]
1888 2800 2070 2851 Pharis
2093 2814 2185 2849 seu
2207 2796 2395 2847 Pharai
2423 2810 2516 2861 op·

1458 2879 1632 2944 pidum
1649 2878 1888 2929 Laconia
1905 2892 1920 2925 ι
1937 2873 2073 2925 unde
2087 2874 2252 2927 Theb.
2267 2888 2331 2925 ιι.
2348 2873 2365 2901 ‘
2379 2873 2518 2923 Pha-

1456 2955 1550 3005 raei
1588 2950 1776 3003 duces?
1847 2950 2182 3011 Volsci-umque
2213 2964 2387 3013 parem
2419 2950 2517 3013 Cy.

1455 3030 1642 3079 thei-eia
1671 3025 1854 3089 Messe]
1885 3024 2062 3073 Messe
2103 3023 2224 3073 urbs
2255 3024 2516 3087 Laconia,

1455 3120 1612 3171 quam
1654 3102 1913 3153 Homerus
1953 3103 2110 3147 vocat
2162 3098 2320 3149 etiam
2371 3110 2548 3150 roan--

1449 3179 1678 3244 τρήρωνα,
1713 3177 1762 3226 id
1803 3183 1904 3239 est,
1939 3173 2162 3223 columbis
2181 3174 2515 3237 abundas-em,

1454 3270 1570 3320 quse
1593 3267 1756 3303 sacrae
1790 3256 1911 3301 suut
1929 3248 2122 3299 Veneri
2146 3266 2161 3310 ;
2193 3248 2313 3300 ideo
2335 3250 2514 3302 Messe

1454 3327 1814 3393 cognominata
1834 3324 2106 3391 Cythereia.

1520 3410 1616 3455 227
1655 3402 1967 3465 Taygetique]
1983 3402 2251 3463 Taygetus
2272 3412 2364 3448 seu
2379 3398 2513 3462 Tay-

1452 3486 1598 3543 geta,
1643 3490 1790 3526 mons
1835 3476 2074 3526 Laconia
2119 3486 2284 3538 prope
2304 3470 2518 3525 fluvium

1454 3556 1724 3615 Eurotam,
1741 3558 1798 3602 et
1815 3550 2076 3615 Amyclas.
2099 3552 2171 3600 Ee
2190 3549 2397 3609 oliviferi
2413 3552 2515 3601 Eu-

1450 3632 1594 3695 rota]
1627 3632 1850 3682 Eurotas
1872 3628 2056 3680 fluvius
2078 3628 2337 3680 Laconlae.
2409 3630 2516 3679 012·-

1450 3706 1622 3771 offert]
1647 3707 1931 3770 Reperitur
1950 3705 2004 3755 in
2026 3704 2338 3756 membranis
2361 3706 2514 3755 bona

1450 3791 1614 3846 note,
1631 3789 1690 3831 ut
1701 3780 1947 3831 observat
1961 3778 2269 3838 Gronovius,
2285 3776 2517 3837 oloriferi,

1449 3858 1590 3923 quod
1632 3857 1685 3906 iu
1729 3855 2015 3905 Parisiensi
2053 3857 2340 3915 receptum.
2405 3848 2514 3899 Hic

1451 3939 1536 3983 est
1579 3932 1737 3995 enim,
1782 3930 1870 3995 qui
1914 3932 1967 3980 iu
1999 3928 2168 3977 Theb.
2202 3936 2260 3971 x.
2327 3922 2514 3973 ‘Falso

1454 4022 1644 4070 gurges
1679 4004 1922 4056 laudatur
1957 4006 2098 4053 olore
2115 4000 2148 4047 a·
2181 4010 2278 4045 nec
2302 3996 2512 4051 aliunde

1451 4083 1505 4132 iu
1545 4080 1775 4146 Epithal.
1843 4079 2024 4129 stellas
2045 4092 2060 4123 a
2093 4071 2418 4137 ‘Amycloeos
2442 4076 2507 4128 ad

1452 4156 1622 4208 frena
1642 4154 1828 4206 citavit
1849 4144 2058 4204 olores!
